@article{Batsakis2009,
author = {Batsakis, Sotiris and Petrakis, EGM},
file = {:home/shawn/Desktop/Dropbox/FYP/2009-0015-improveperf.pdf:pdf},
journal = {Data \&amp; Knowledge Engineering},
pages = {1--29},
title = {{Improving the performance of focused web crawlers}},
url = {http://www.sciencedirect.com/science/article/pii/S0169023X0900055X},
year = {2009}
}
@article{Bilmes1998,
author = {Bilmes, J.A.},
file = {:home/shawn/Desktop/Dropbox/FYP/dp\_tutorial.pdf:pdf},
journal = {International Computer Science Institute},
pages = {126},
title = {{A gentle tutorial of the EM algorithm and its application to parameter estimation for Gaussian mixture and hidden Markov models}},
url = {http://lasa.epfl.ch/teaching/lectures/ML\_Phd/Notes/GP-GMM.pdf},
volume = {4},
year = {1998}
}
@inproceedings{Castillo2005,
author = {Castillo, Carlos},
booktitle = {ACM SIGIR Forum},
file = {:home/shawn/Desktop/Dropbox/FYP/2004-0084-effective.pdf:pdf},
number = {1},
pages = {55--56},
publisher = {ACM},
title = {{Effective web crawling}},
url = {http://dl.acm.org/citation.cfm?id=1067287},
volume = {39},
year = {2005}
}
@inproceedings{Chambers2011,
author = {Chambers, Nathanael and Jurafsky, Dan},
booktitle = {Proceedings of ACL},
file = {:home/shawn/Desktop/Dropbox/FYP/2011-0001-templatewotemplate.pdf:pdf},
pages = {976--986},
title = {{Template-based information extraction without the templates}},
url = {http://aclweb.org/anthology/P/P11/P11-1098.pdf},
year = {2011}
}
@article{Liu2010,
author = {Liu, Hongyu and Milios, Evangelos and Others},
file = {:home/shawn/Desktop/Dropbox/FYP/2010-0024-probmodels.pdf:pdf},
journal = {Computational Intelligence},
title = {{Probabilistic models for focused web crawling}},
url = {http://nparc.cisti-icist.nrc-cnrc.gc.ca/npsi/ctrl?action=shwart\&amp;index=an\&amp;req=16352297\&amp;lang=en},
year = {2010}
}
@inproceedings{Mali2011,
author = {Mali, S. and Meshram, BB},
booktitle = {IJCA Proceedings on International Conference and workshop on Emerging Trends in Technology (ICWET)\$\backslash\$},
file = {:home/shawn/Desktop/Dropbox/FYP/2011-0000-pagechange.pdf:pdf},
keywords = {crawler,crawler policies,focused crawler,page change detection},
pages = {51--56},
title = {{Focused Web Crawler with Page Change Detection Policy\$\backslash\$}},
url = {http://www.ijcaonline.org/icwet/number9/DB34.pdf},
year = {2011}
}
@article{Menczer2004,
author = {Menczer, Filippo and Pant, G. and Srinivasan, P.},
file = {:home/shawn/Desktop/Dropbox/FYP/2004-0140-adaptive.pdf:pdf},
journal = {ACM Transactions on Internet Technology (TOIT)},
number = {4},
pages = {378--419},
publisher = {ACM},
title = {{Topical web crawlers: Evaluating adaptive algorithms}},
url = {http://dl.acm.org/citation.cfm?id=1031117},
volume = {4},
year = {2004}
}
@phdthesis{Perez2003,
author = {Perez, S. and Roxas, R.E.O.},
booktitle = {Training},
file = {:home/shawn/Desktop/Dropbox/FYP/2003-0001-reinforcementbased.pdf:pdf},
keywords = {focused crawling,language corpora,reinforcement learning},
pages = {25--28},
publisher = {MS Thesis Proposal. College of Computer Studies, De La Salle University},
title = {{Reinforcement-Based Web Crawler}},
url = {http://www.dlsu.edu.ph/research/centers/adric/nlp/downloads/1NNLPRS/Paper\%5Cperez.pdf},
year = {2003}
}
@inproceedings{Shahaf2006,
author = {Shahaf, Dafna and Amir, Eyal},
booktitle = {PROCEEDINGS OF THE NATIONAL CONFERENCE ON ARTIFICIAL INTELLIGENCE},
file = {:home/shawn/Desktop/Dropbox/FYP/2006-0019-poschemas.pdf:pdf},
number = {1},
pages = {913},
publisher = {Menlo Park, CA; Cambridge, MA; London; AAAI Press; MIT Press; 1999},
title = {{Learning partially observable action schemas}},
url = {http://scholar.google.com/scholar?hl=en\&btnG=Search\&q=intitle:Learning+Partially+Observable+Action+Schemas\#0},
volume = {21},
year = {2006}
}
@article{Sun2008,
author = {Sun, Huiye and Li, Yaoguo and Lin, Shan and Zhu, Mingying},
doi = {10.1109/ISCSCT.2008.166},
file = {:home/shawn/Desktop/Dropbox/FYP/2008-0000-RGBefficient.pdf:pdf},
isbn = {978-0-7695-3498-5},
journal = {2008 International Symposium on Computer Science and Computational Technology},
keywords = {and the effectiveness of,build modeling is low,com-,increase,information content,information extraction,munication entropy,so many hmm nodes,that the training costs,web crawler},
pages = {640--643},
publisher = {Ieee},
title = {{An Efficient R-G-B Algorithm for Web Crawler on Information Extraction}},
url = {http://ieeexplore.ieee.org/lpdocs/epic03/wrapper.htm?arnumber=4731509},
year = {2008}
}
@inproceedings{Urbano2010,
author = {Urbano, Juli\'{a}n and Lor\'{e}ns, J. and Andreadakis, Yorgos and Marrero, M\'{o}nica},
booktitle = {Proceedings of the 19th ACM international conference on Information and knowledge management},
file = {:home/shawn/Desktop/Dropbox/FYP/2010-0001-structured.pdf:pdf},
isbn = {9781450300995},
keywords = {1,3,content analysis,h,information storage and retrieval},
pages = {1939--1940},
publisher = {ACM},
title = {{Crawling the web for structured documents}},
url = {http://dl.acm.org/citation.cfm?id=1871773},
year = {2010}
}
